% References.bib
% Fichier BibTeX contenant les références bibliographiques
% Organisées par type et par ordre alphabétique

%==============================================================================
% ARTICLES SCIENTIFIQUES
%==============================================================================

@article{Aquilina2012,
  author  = {Aquilina, Luc and Vergnaud-Ayraud, Virginie and Labasque, Thierry and Bour, Olivier and Molénat, Jérôme and Ruiz, Laurent and de Montety, Véronique and De Ridder, Jo and Roques, Clément and Longuevergne, Laurent},
  title   = {Nitrate dynamics in agricultural catchments deduced from groundwater dating and long-term nitrate monitoring in surface and groundwaters},
  journal = {Science of The Total Environment},
  year    = {2012},
  volume  = {435-436},
  pages   = {167--178},
  doi     = {10.1016/j.scitotenv.2012.06.028}
}

@article{DeRidder2022,
  author  = {De Ridder, Jo and Aquilina, Luc and Cosgrove, William and Hejzlar, Josef and Francis, Robin and Boukhemacha, Mohamed Amine and Bressers, Hans and Brugnach, Marcela and Lezzaik, Khalil and von Christierson, Birgitte and Krák, Abdehdaim and Diaz Munoz, Gustavo},
  title   = {Water–Energy–Food Nexus Index to maximize sustainable resource management: Ten exemplar cities in Asia and Africa},
  journal = {Sustainable Cities and Society},
  year    = {2022},
  volume  = {77},
  pages   = {103559},
  doi     = {10.1016/j.scs.2021.103559}
}

@article{deDreuzy2010,
  author  = {de Dreuzy, Jean-Raynald and Beaudoin, Anthony and Erhel, Jocelyne},
  title   = {Asymptotic dispersion in 2D heterogeneous porous media determined by parallel numerical simulations},
  journal = {Water Resources Research},
  year    = {2010},
  volume  = {46},
  number  = {10},
  pages   = {W10519},
  doi     = {10.1029/2009WR008814}
}

%==============================================================================
% LIVRES
%==============================================================================

@book{Bear2018,
  author    = {Bear, Jacob and Cheng, Alexander H.-D.},
  title     = {Modeling Groundwater Flow and Contaminant Transport},
  publisher = {Springer},
  year      = {2018},
  address   = {Cham},
  edition   = {2},
  doi       = {10.1007/978-3-319-09057-3}
}

@book{Marsily1986,
  author    = {de Marsily, Ghislain},
  title     = {Quantitative Hydrogeology: Groundwater Hydrology for Engineers},
  publisher = {Academic Press},
  year      = {1986},
  address   = {Orlando},
  isbn      = {978-0122089169}
}

%==============================================================================
% CHAPITRES DE LIVRE
%==============================================================================

@incollection{Bour2017,
  author    = {Bour, Olivier and Longuevergne, Laurent and Goderniaux, Pascal and Le Borgne, Tanguy and Folch, Albert and Wada, Yoshihide},
  title     = {Natural Groundwater Temperature as a Tracer of Groundwater Flow},
  booktitle = {Advances in Groundwater Governance},
  publisher = {CRC Press},
  year      = {2017},
  editor    = {Villholth, Karen G. and López-Gunn, Elena and Conti, Kirstin and Garrido, Alberto and van der Gun, Jac},
  chapter   = {11},
  pages     = {235--253},
  doi       = {10.1201/9781315210025-12}
}

%==============================================================================
% THÈSES
%==============================================================================

@phdthesis{Roques2013,
  author  = {Roques, Clément},
  title   = {Hydrogéologie des zones de faille du socle cristallin : implications en termes de ressources en eau pour le Massif Armoricain},
  school  = {Université de Rennes 1},
  year    = {2013},
  type    = {Thèse de doctorat},
  address = {Rennes, France}
}

%==============================================================================
% RAPPORTS
%==============================================================================

@techreport{BRGM2020,
  author      = {{BRGM}},
  title       = {Modélisation hydrogéologique du bassin rennais : impact des prélèvements sur le niveau des nappes},
  institution = {Bureau de Recherches Géologiques et Minières},
  year        = {2020},
  number      = {RP-70156-FR},
  address     = {Orléans, France}
}

%==============================================================================
% CONFÉRENCES
%==============================================================================

@inproceedings{Jankovic2017,
  author    = {Jankovic, Ivan and Fiori, Aldo and Dagan, Gedeon},
  title     = {Effective conductivity of isotropic highly heterogeneous formations},
  booktitle = {AGU Fall Meeting Abstracts},
  year      = {2017},
  pages     = {H13G-1475}
}

%==============================================================================
% RESSOURCES EN LIGNE
%==============================================================================

@online{EauRennes2023,
  author  = {{Eau du Bassin Rennais}},
  title   = {Rapport annuel sur la qualité et le prix de l'eau},
  year    = {2023},
  url     = {https://www.eaudubassinrennais.fr/rapport-2023},
  urldate = {2025-02-15}
}